<?xml version="1.0" encoding="UTF-8"?>
<collection xmlns="http://www.loc.gov/MARC21/slim" xmlns:xsi="http://www.w3.org/2001/XMLSchema-instance" xsi:schemaLocation="http://www.loc.gov/standards/marcxml/schema/MARC21slim.xsd">
  <record xmlns="http://www.loc.gov/MARC21/slim">
    <leader>00000cas a2200000 a 4500</leader>
    <controlfield tag="001">ocm38995695 </controlfield>
    <controlfield tag="003">OCoLC</controlfield>
    <controlfield tag="005">20160520045341.8</controlfield>
    <controlfield tag="006">m     o  d        </controlfield>
    <controlfield tag="007">cr mnu||||||||</controlfield>
    <controlfield tag="008">980422c19609999enksr pso     0    0eng c</controlfield>
    <datafield tag="010" ind1=" " ind2=" ">
      <subfield code="a">  2003233440</subfield>
    </datafield>
    <datafield tag="040" ind1=" " ind2=" ">
      <subfield code="a">OH1</subfield>
      <subfield code="b">eng</subfield>
      <subfield code="c">OH1</subfield>
      <subfield code="d">OCL</subfield>
      <subfield code="d">OCLCQ</subfield>
      <subfield code="d">GUA</subfield>
      <subfield code="d">OCLCQ</subfield>
      <subfield code="d">GUA</subfield>
      <subfield code="d">U9S</subfield>
      <subfield code="d">AU@</subfield>
      <subfield code="d">NIALS</subfield>
      <subfield code="d">OCLCQ</subfield>
      <subfield code="d">UKMGB</subfield>
      <subfield code="d">OCLCQ</subfield>
      <subfield code="d">OCLCO</subfield>
      <subfield code="d">IUL</subfield>
      <subfield code="d">OCLCO</subfield>
      <subfield code="d">OCLCF</subfield>
      <subfield code="d">OCLCO</subfield>
      <subfield code="d">OCLCQ</subfield>
    </datafield>
    <datafield tag="016" ind1="7" ind2=" ">
      <subfield code="a">012433472</subfield>
      <subfield code="2">Uk</subfield>
    </datafield>
    <datafield tag="019" ind1=" " ind2=" ">
      <subfield code="a">222765587</subfield>
      <subfield code="a">321078722</subfield>
    </datafield>
    <datafield tag="022" ind1=" " ind2=" ">
      <subfield code="a">1879-2189</subfield>
      <subfield code="l">0017-9310</subfield>
      <subfield code="2">j</subfield>
    </datafield>
    <datafield tag="029" ind1="1" ind2=" ">
      <subfield code="a">AU@</subfield>
      <subfield code="b">000021580265</subfield>
    </datafield>
    <datafield tag="029" ind1="1" ind2=" ">
      <subfield code="a">AU@</subfield>
      <subfield code="b">000025188358</subfield>
    </datafield>
    <datafield tag="029" ind1="1" ind2=" ">
      <subfield code="a">AU@</subfield>
      <subfield code="b">000043708711</subfield>
    </datafield>
    <datafield tag="029" ind1="1" ind2=" ">
      <subfield code="a">AU@</subfield>
      <subfield code="b">000043827490</subfield>
    </datafield>
    <datafield tag="029" ind1="1" ind2=" ">
      <subfield code="a">AU@</subfield>
      <subfield code="b">000044932307</subfield>
    </datafield>
    <datafield tag="029" ind1="1" ind2=" ">
      <subfield code="a">AU@</subfield>
      <subfield code="b">000045722810</subfield>
    </datafield>
    <datafield tag="029" ind1="1" ind2=" ">
      <subfield code="a">NZ1</subfield>
      <subfield code="b">15550378</subfield>
    </datafield>
    <datafield tag="029" ind1="1" ind2=" ">
      <subfield code="a">NZ1</subfield>
      <subfield code="b">16232861</subfield>
    </datafield>
    <datafield tag="029" ind1="1" ind2=" ">
      <subfield code="a">NZ1</subfield>
      <subfield code="b">8152620</subfield>
    </datafield>
    <datafield tag="029" ind1="1" ind2=" ">
      <subfield code="a">OCLCS</subfield>
      <subfield code="b">1874</subfield>
    </datafield>
    <datafield tag="029" ind1="1" ind2=" ">
      <subfield code="a">OCLCS</subfield>
      <subfield code="b">OP-17473</subfield>
    </datafield>
    <datafield tag="030" ind1=" " ind2=" ">
      <subfield code="a">IJHMAK</subfield>
    </datafield>
    <datafield tag="035" ind1=" " ind2=" ">
      <subfield code="a">(OCoLC)38995695</subfield>
      <subfield code="z">(OCoLC)222765587</subfield>
      <subfield code="z">(OCoLC)321078722</subfield>
    </datafield>
    <datafield tag="042" ind1=" " ind2=" ">
      <subfield code="a">pcc</subfield>
    </datafield>
    <datafield tag="050" ind1="1" ind2="4">
      <subfield code="a">QC320</subfield>
    </datafield>
    <datafield tag="049" ind1=" " ind2=" ">
      <subfield code="a">MAIN</subfield>
    </datafield>
    <datafield tag="130" ind1="0" ind2=" ">
      <subfield code="a">International journal of heat and mass transfer (Online)</subfield>
    </datafield>
    <datafield tag="222" ind1=" " ind2="0">
      <subfield code="a">International journal of heat and mass transfer</subfield>
      <subfield code="b">(Online)</subfield>
    </datafield>
    <datafield tag="245" ind1="1" ind2="0">
      <subfield code="a">International journal of heat and mass transfer.</subfield>
    </datafield>
    <datafield tag="260" ind1=" " ind2=" ">
      <subfield code="a">Oxford ;</subfield>
      <subfield code="a">New York :</subfield>
      <subfield code="b">Pergamon Press,</subfield>
      <subfield code="c">1960-</subfield>
    </datafield>
    <datafield tag="310" ind1=" " ind2=" ">
      <subfield code="a">Twenty-six no. a year,</subfield>
      <subfield code="b">2002-</subfield>
    </datafield>
    <datafield tag="321" ind1=" " ind2=" ">
      <subfield code="a">Frequency varies,</subfield>
      <subfield code="b">1960-2001</subfield>
    </datafield>
    <datafield tag="336" ind1=" " ind2=" ">
      <subfield code="a">text</subfield>
      <subfield code="b">txt</subfield>
      <subfield code="2">rdacontent</subfield>
    </datafield>
    <datafield tag="337" ind1=" " ind2=" ">
      <subfield code="a">computer</subfield>
      <subfield code="b">c</subfield>
      <subfield code="2">rdamedia</subfield>
    </datafield>
    <datafield tag="338" ind1=" " ind2=" ">
      <subfield code="a">online resource</subfield>
      <subfield code="b">cr</subfield>
      <subfield code="2">rdacarrier</subfield>
    </datafield>
    <datafield tag="362" ind1="0" ind2=" ">
      <subfield code="a">Vol. 1, issue 1 (June 1960)-</subfield>
    </datafield>
    <datafield tag="500" ind1=" " ind2=" ">
      <subfield code="a">Title from contents screen (ScienceDirect, viewed Feb. 28, 2007).</subfield>
    </datafield>
    <datafield tag="515" ind1=" " ind2=" ">
      <subfield code="a">Some issues combined.</subfield>
    </datafield>
    <datafield tag="520" ind1="8" ind2=" ">
      <subfield code="a">" ... provides a central vehicle for the exchange of basic ideas in heat and mass transfer between research workers and engineers throughout the world. Particular emphasis is focused on original research, both analytical and experimental, and highest priority is given to those contributions which increase the basic understanding of transfer processes and their application to engineering problems. Topics covered include: new methods of measuring and/or correlating transport-property data, energy engineering, and environmental applications of heat and/or mass transfer."</subfield>
    </datafield>
    <datafield tag="521" ind1="8" ind2=" ">
      <subfield code="a">"Academic and industrial researchers, practicing energy engineers specialising in heat transfer and thermodynamic systems, process engineers in chemicals and related sectors."</subfield>
    </datafield>
    <datafield tag="588" ind1=" " ind2=" ">
      <subfield code="a">Latest issue consulted: Vol. 50, issues 9/10 (May 2007), viewed Feb. 28, 2007.</subfield>
    </datafield>
    <datafield tag="590" ind1=" " ind2=" ">
      <subfield code="b">alles</subfield>
    </datafield>
    <datafield tag="590" ind1=" " ind2=" ">
      <subfield code="a">OCLC</subfield>
      <subfield code="b">WorldCat Holdings</subfield>
    </datafield>
    <datafield tag="650" ind1=" " ind2="0">
      <subfield code="a">Heat</subfield>
      <subfield code="x">Transmission</subfield>
      <subfield code="v">Periodicals.</subfield>
    </datafield>
    <datafield tag="650" ind1=" " ind2="0">
      <subfield code="a">Mass transfer</subfield>
      <subfield code="v">Periodicals.</subfield>
    </datafield>
    <datafield tag="650" ind1=" " ind2="6">
      <subfield code="a">Chaleur</subfield>
      <subfield code="x">Transmission</subfield>
      <subfield code="x">Périodiques.</subfield>
    </datafield>
    <datafield tag="650" ind1=" " ind2="6">
      <subfield code="a">Transfert de masse</subfield>
      <subfield code="x">Périodiques.</subfield>
    </datafield>
    <datafield tag="650" ind1=" " ind2="7">
      <subfield code="a">Heat</subfield>
      <subfield code="x">Transmission.</subfield>
      <subfield code="2">fast</subfield>
      <subfield code="0">(OCoLC)fst00953826</subfield>
    </datafield>
    <datafield tag="650" ind1=" " ind2="7">
      <subfield code="a">Mass transfer.</subfield>
      <subfield code="2">fast</subfield>
      <subfield code="0">(OCoLC)fst01011450</subfield>
    </datafield>
    <datafield tag="655" ind1=" " ind2="0">
      <subfield code="a">Electronic journals.</subfield>
    </datafield>
    <datafield tag="655" ind1=" " ind2="7">
      <subfield code="a">Periodicals.</subfield>
      <subfield code="2">fast</subfield>
      <subfield code="0">(OCoLC)fst01411641</subfield>
    </datafield>
    <datafield tag="776" ind1="0" ind2="8">
      <subfield code="i">Print version:</subfield>
      <subfield code="t">International journal of heat and mass transfer</subfield>
      <subfield code="x">0017-9310</subfield>
      <subfield code="w">(DLC)   64009791</subfield>
      <subfield code="w">(OCoLC)1753576</subfield>
    </datafield>
    <datafield tag="787" ind1="0" ind2="8">
      <subfield code="i">Companion publication:</subfield>
      <subfield code="t">Letters in heat and mass transfer (Online)</subfield>
      <subfield code="g">1974-1982</subfield>
      <subfield code="w">(DLC)  2007233083</subfield>
      <subfield code="w">(OCoLC)53039733</subfield>
    </datafield>
    <datafield tag="787" ind1="0" ind2="8">
      <subfield code="i">Companion publication:</subfield>
      <subfield code="t">International communications in heat and mass transfer (Online)</subfield>
      <subfield code="g">1983-</subfield>
      <subfield code="w">(DLC)  2007233088</subfield>
      <subfield code="w">(OCoLC)38995482</subfield>
    </datafield>
    <datafield tag="856" ind1="4" ind2="0">
      <subfield code="u">http://www.sciencedirect.com/science/journal/00179310</subfield>
    </datafield>
    <datafield tag="994" ind1=" " ind2=" ">
      <subfield code="a">92</subfield>
      <subfield code="b">DEFHM</subfield>
    </datafield>
  </record>