
  <record xmlns="http://www.loc.gov/MARC21/slim">
    <leader>00000cam a2200000La 4500</leader>
    <controlfield tag="001">ocm44960649 </controlfield>
    <controlfield tag="003">OCoLC</controlfield>
    <controlfield tag="005">20160520043846.2</controlfield>
    <controlfield tag="006">m     o  d        </controlfield>
    <controlfield tag="007">cr cn|||||||||</controlfield>
    <controlfield tag="008">000808s199u    ilu     o     000 1 eng d</controlfield>
    <datafield tag="040" ind1=" " ind2=" ">
      <subfield code="a">N$T</subfield>
      <subfield code="b">eng</subfield>
      <subfield code="e">pn</subfield>
      <subfield code="c">N$T</subfield>
      <subfield code="d">OCL</subfield>
      <subfield code="d">OCLCQ</subfield>
      <subfield code="d">OCLCG</subfield>
      <subfield code="d">OCLCQ</subfield>
      <subfield code="d">AXJ</subfield>
      <subfield code="d">CEF</subfield>
      <subfield code="d">OCLCQ</subfield>
      <subfield code="d">TNF</subfield>
      <subfield code="d">OCLCQ</subfield>
      <subfield code="d">N$T</subfield>
      <subfield code="d">OCLCO</subfield>
      <subfield code="d">P4I</subfield>
      <subfield code="d">OCLCQ</subfield>
      <subfield code="d">OCLCO</subfield>
      <subfield code="d">OCLCQ</subfield>
    </datafield>
    <datafield tag="020" ind1=" " ind2=" ">
      <subfield code="a">0585151970</subfield>
      <subfield code="q">(electronic bk.)</subfield>
    </datafield>
    <datafield tag="020" ind1=" " ind2=" ">
      <subfield code="a">9780585151977</subfield>
      <subfield code="q">(electronic bk.)</subfield>
    </datafield>
    <datafield tag="029" ind1="1" ind2=" ">
      <subfield code="a">AU@</subfield>
      <subfield code="b">000043010018</subfield>
    </datafield>
    <datafield tag="029" ind1="1" ind2=" ">
      <subfield code="a">NZ1</subfield>
      <subfield code="b">11911174</subfield>
    </datafield>
    <datafield tag="035" ind1=" " ind2=" ">
      <subfield code="a">(OCoLC)44960649</subfield>
    </datafield>
    <datafield tag="050" ind1=" " ind2="4">
      <subfield code="a">PE1117</subfield>
    </datafield>
    <datafield tag="072" ind1=" " ind2="7">
      <subfield code="a">FIC</subfield>
      <subfield code="x">000000</subfield>
      <subfield code="2">bisacsh</subfield>
    </datafield>
    <datafield tag="082" ind1="0" ind2="4">
      <subfield code="a">j428.6</subfield>
      <subfield code="2">21</subfield>
    </datafield>
    <datafield tag="049" ind1=" " ind2=" ">
      <subfield code="a">MAIN</subfield>
    </datafield>
    <datafield tag="100" ind1="1" ind2=" ">
      <subfield code="a">McGuffey, William Holmes,</subfield>
      <subfield code="d">1800-1873.</subfield>
    </datafield>
    <datafield tag="245" ind1="1" ind2="4">
      <subfield code="a">The new McGuffey first reader /</subfield>
      <subfield code="c">William McGuffey.</subfield>
    </datafield>
    <datafield tag="260" ind1=" " ind2=" ">
      <subfield code="a">Champaign, Ill. :</subfield>
      <subfield code="b">Project Gutenberg,</subfield>
      <subfield code="c">[199-?]</subfield>
    </datafield>
    <datafield tag="300" ind1=" " ind2=" ">
      <subfield code="a">1 online resource.</subfield>
    </datafield>
    <datafield tag="336" ind1=" " ind2=" ">
      <subfield code="a">text</subfield>
      <subfield code="b">txt</subfield>
      <subfield code="2">rdacontent</subfield>
    </datafield>
    <datafield tag="337" ind1=" " ind2=" ">
      <subfield code="a">computer</subfield>
      <subfield code="b">c</subfield>
      <subfield code="2">rdamedia</subfield>
    </datafield>
    <datafield tag="338" ind1=" " ind2=" ">
      <subfield code="a">online resource</subfield>
      <subfield code="b">cr</subfield>
      <subfield code="2">rdacarrier</subfield>
    </datafield>
    <datafield tag="590" ind1=" " ind2=" ">
      <subfield code="b">alles</subfield>
    </datafield>
    <datafield tag="590" ind1=" " ind2=" ">
      <subfield code="a">OCLC</subfield>
      <subfield code="b">WorldCat Holdings</subfield>
    </datafield>
    <datafield tag="650" ind1=" " ind2="0">
      <subfield code="a">Readers.</subfield>
    </datafield>
    <datafield tag="650" ind1=" " ind2="0">
      <subfield code="a">Children's literature.</subfield>
    </datafield>
    <datafield tag="650" ind1=" " ind2="7">
      <subfield code="a">FICTION</subfield>
      <subfield code="x">General.</subfield>
      <subfield code="2">bisacsh</subfield>
    </datafield>
    <datafield tag="655" ind1=" " ind2="0">
      <subfield code="a">Children's literature.</subfield>
    </datafield>
    <datafield tag="655" ind1=" " ind2="4">
      <subfield code="a">Electronic books.</subfield>
    </datafield>
    <datafield tag="856" ind1="4" ind2="0">
      <subfield code="3">EBSCOhost</subfield>
      <subfield code="u">http://search.ebscohost.com/login.aspx?direct=true&amp;scope=site&amp;db=nlebk&amp;db=nlabk&amp;AN=2009639</subfield>
    </datafield>
    <datafield tag="938" ind1=" " ind2=" ">
      <subfield code="a">EBSCOhost</subfield>
      <subfield code="b">EBSC</subfield>
      <subfield code="n">2009639</subfield>
    </datafield>
    <datafield tag="994" ind1=" " ind2=" ">
      <subfield code="a">92</subfield>
      <subfield code="b">DEFHM</subfield>
    </datafield>
  </record>