
  <record xmlns="http://www.loc.gov/MARC21/slim">
    <leader>00000cam a2200000La 4500</leader>
    <controlfield tag="001">ocm47011858 </controlfield>
    <controlfield tag="003">OCoLC</controlfield>
    <controlfield tag="005">20160520043946.3</controlfield>
    <controlfield tag="006">m     o  d        </controlfield>
    <controlfield tag="007">cr cn|||||||||</controlfield>
    <controlfield tag="008">010319r20001998mau     ob    001 0 eng d</controlfield>
    <datafield tag="040" ind1=" " ind2=" ">
      <subfield code="a">N$T</subfield>
      <subfield code="b">eng</subfield>
      <subfield code="e">pn</subfield>
      <subfield code="c">N$T</subfield>
      <subfield code="d">OCL</subfield>
      <subfield code="d">OCLCQ</subfield>
      <subfield code="d">MUQ</subfield>
      <subfield code="d">OCLCQ</subfield>
      <subfield code="d">YDXCP</subfield>
      <subfield code="d">OCLCG</subfield>
      <subfield code="d">WEN</subfield>
      <subfield code="d">OCLCQ</subfield>
      <subfield code="d">TUU</subfield>
      <subfield code="d">OCLCQ</subfield>
      <subfield code="d">ZCU</subfield>
      <subfield code="d">OCLCO</subfield>
      <subfield code="d">OCLCF</subfield>
      <subfield code="d">OCLCQ</subfield>
      <subfield code="d">DG1</subfield>
      <subfield code="d">BTCTA</subfield>
      <subfield code="d">DKDLA</subfield>
      <subfield code="d">OCLCQ</subfield>
    </datafield>
    <datafield tag="019" ind1=" " ind2=" ">
      <subfield code="a">244175208</subfield>
      <subfield code="a">259265600</subfield>
    </datafield>
    <datafield tag="020" ind1=" " ind2=" ">
      <subfield code="a">0631227644</subfield>
      <subfield code="q">(electronic bk.)</subfield>
    </datafield>
    <datafield tag="020" ind1=" " ind2=" ">
      <subfield code="a">9780631227649</subfield>
      <subfield code="q">(electronic bk.)</subfield>
    </datafield>
    <datafield tag="020" ind1=" " ind2=" ">
      <subfield code="a">9781405164498</subfield>
    </datafield>
    <datafield tag="020" ind1=" " ind2=" ">
      <subfield code="a">1405164492</subfield>
    </datafield>
    <datafield tag="029" ind1="1" ind2=" ">
      <subfield code="a">AU@</subfield>
      <subfield code="b">000042130927</subfield>
    </datafield>
    <datafield tag="029" ind1="1" ind2=" ">
      <subfield code="a">DKDLA</subfield>
      <subfield code="b">820120-katalog:000559674</subfield>
    </datafield>
    <datafield tag="029" ind1="1" ind2=" ">
      <subfield code="a">GBVCP</subfield>
      <subfield code="b">725561238</subfield>
    </datafield>
    <datafield tag="029" ind1="1" ind2=" ">
      <subfield code="a">NZ1</subfield>
      <subfield code="b">11632660</subfield>
    </datafield>
    <datafield tag="035" ind1=" " ind2=" ">
      <subfield code="a">(OCoLC)47011858</subfield>
      <subfield code="z">(OCoLC)244175208</subfield>
      <subfield code="z">(OCoLC)259265600</subfield>
    </datafield>
    <datafield tag="037" ind1=" " ind2=" ">
      <subfield code="a">9780631220671</subfield>
      <subfield code="b">Blackwell</subfield>
      <subfield code="n">http://www.blackwellreference.com</subfield>
    </datafield>
    <datafield tag="050" ind1=" " ind2="4">
      <subfield code="a">HQ1190</subfield>
      <subfield code="b">.C665 200eb</subfield>
    </datafield>
    <datafield tag="072" ind1=" " ind2="7">
      <subfield code="a">SOC</subfield>
      <subfield code="x">010000</subfield>
      <subfield code="2">bisacsh</subfield>
    </datafield>
    <datafield tag="082" ind1="0" ind2="4">
      <subfield code="a">305.42/01</subfield>
      <subfield code="2">21</subfield>
    </datafield>
    <datafield tag="049" ind1=" " ind2=" ">
      <subfield code="a">MAIN</subfield>
    </datafield>
    <datafield tag="245" ind1="0" ind2="2">
      <subfield code="a">A companion to feminist philosophy /</subfield>
      <subfield code="c">edited by Alison M. Jaggar and Iris Marion Young.</subfield>
    </datafield>
    <datafield tag="250" ind1=" " ind2=" ">
      <subfield code="a">[1st pbk. ed., 2000].</subfield>
    </datafield>
    <datafield tag="260" ind1=" " ind2=" ">
      <subfield code="a">Malden, Mass. :</subfield>
      <subfield code="b">Blackwell,</subfield>
      <subfield code="c">2000, 1998.</subfield>
    </datafield>
    <datafield tag="300" ind1=" " ind2=" ">
      <subfield code="a">1 online resource (xvii, 703 pages).</subfield>
    </datafield>
    <datafield tag="336" ind1=" " ind2=" ">
      <subfield code="a">text</subfield>
      <subfield code="b">txt</subfield>
      <subfield code="2">rdacontent</subfield>
    </datafield>
    <datafield tag="337" ind1=" " ind2=" ">
      <subfield code="a">computer</subfield>
      <subfield code="b">c</subfield>
      <subfield code="2">rdamedia</subfield>
    </datafield>
    <datafield tag="338" ind1=" " ind2=" ">
      <subfield code="a">online resource</subfield>
      <subfield code="b">cr</subfield>
      <subfield code="2">rdacarrier</subfield>
    </datafield>
    <datafield tag="490" ind1="1" ind2=" ">
      <subfield code="a">Blackwell companions to philosophy ;</subfield>
      <subfield code="v">13</subfield>
    </datafield>
    <datafield tag="504" ind1=" " ind2=" ">
      <subfield code="a">Includes bibliographical references (pages 591-675) and index.</subfield>
    </datafield>
    <datafield tag="588" ind1="0" ind2=" ">
      <subfield code="a">Print version record.</subfield>
    </datafield>
    <datafield tag="590" ind1=" " ind2=" ">
      <subfield code="b">alles</subfield>
    </datafield>
    <datafield tag="590" ind1=" " ind2=" ">
      <subfield code="a">OCLC</subfield>
      <subfield code="b">WorldCat Holdings</subfield>
    </datafield>
    <datafield tag="650" ind1=" " ind2="0">
      <subfield code="a">Feminist theory.</subfield>
    </datafield>
    <datafield tag="650" ind1=" " ind2="6">
      <subfield code="a">Féminisme</subfield>
      <subfield code="x">Philosophie.</subfield>
    </datafield>
    <datafield tag="650" ind1=" " ind2="7">
      <subfield code="a">SOCIAL SCIENCE</subfield>
      <subfield code="x">Feminism &amp; Feminist Theory.</subfield>
      <subfield code="2">bisacsh</subfield>
    </datafield>
    <datafield tag="650" ind1=" " ind2="7">
      <subfield code="a">Feminist theory.</subfield>
      <subfield code="2">fast</subfield>
      <subfield code="0">(OCoLC)fst00922816</subfield>
    </datafield>
    <datafield tag="650" ind1=" " ind2="7">
      <subfield code="a">Feminismo.</subfield>
      <subfield code="2">larpcal</subfield>
    </datafield>
    <datafield tag="655" ind1=" " ind2="4">
      <subfield code="a">Electronic books.</subfield>
    </datafield>
    <datafield tag="700" ind1="1" ind2=" ">
      <subfield code="a">Jaggar, Alison M.</subfield>
    </datafield>
    <datafield tag="700" ind1="1" ind2=" ">
      <subfield code="a">Young, Iris Marion,</subfield>
      <subfield code="d">1949-</subfield>
    </datafield>
    <datafield tag="776" ind1="0" ind2="8">
      <subfield code="i">Print version:</subfield>
      <subfield code="t">Companion to feminist philosophy.</subfield>
      <subfield code="b">[1st pbk. ed., 2000].</subfield>
      <subfield code="d">Malden, Mass. : Blackwell, 2000, 1998</subfield>
      <subfield code="z">0631220674</subfield>
      <subfield code="w">(OCoLC)47984757</subfield>
    </datafield>
    <datafield tag="830" ind1=" " ind2="0">
      <subfield code="a">Blackwell companions to philosophy ;</subfield>
      <subfield code="v">13.</subfield>
    </datafield>
    <datafield tag="856" ind1="4" ind2="0">
      <subfield code="3">Blackwell Reference Online</subfield>
      <subfield code="u">http://www.blackwellreference.com/subscriber/uid=3/book?show=all&amp;id=g9780631220671_9780631220671</subfield>
      <subfield code="z">An electronic book accessible through the World Wide Web; click for information</subfield>
    </datafield>
    <datafield tag="856" ind1="4" ind2="0">
      <subfield code="3">EBSCOhost</subfield>
      <subfield code="u">http://search.ebscohost.com/login.aspx?direct=true&amp;scope=site&amp;db=nlebk&amp;db=nlabk&amp;AN=44970</subfield>
    </datafield>
    <datafield tag="938" ind1=" " ind2=" ">
      <subfield code="a">Baker and Taylor</subfield>
      <subfield code="b">BTCP</subfield>
      <subfield code="n">BK0007953905</subfield>
    </datafield>
    <datafield tag="938" ind1=" " ind2=" ">
      <subfield code="a">EBSCOhost</subfield>
      <subfield code="b">EBSC</subfield>
      <subfield code="n">44970</subfield>
    </datafield>
    <datafield tag="938" ind1=" " ind2=" ">
      <subfield code="a">YBP Library Services</subfield>
      <subfield code="b">YANK</subfield>
      <subfield code="n">2337853</subfield>
    </datafield>
    <datafield tag="994" ind1=" " ind2=" ">
      <subfield code="a">92</subfield>
      <subfield code="b">DEFHM</subfield>
    </datafield>
  </record>