
  <record xmlns="http://www.loc.gov/MARC21/slim">
    <leader>00000cas a2200000Ia 4500</leader>
    <controlfield tag="001">ocm48498937 </controlfield>
    <controlfield tag="003">OCoLC</controlfield>
    <controlfield tag="005">20160520044041.1</controlfield>
    <controlfield tag="006">m     o  d        </controlfield>
    <controlfield tag="007">cr mnu||||||||</controlfield>
    <controlfield tag="008">011128c19689999fr fr pso     0   a0eng d</controlfield>
    <datafield tag="040" ind1=" " ind2=" ">
      <subfield code="a">F#A</subfield>
      <subfield code="b">eng</subfield>
      <subfield code="c">F#A</subfield>
      <subfield code="d">OCLCQ</subfield>
      <subfield code="d">MUQ</subfield>
      <subfield code="d">UQ1</subfield>
      <subfield code="d">OCLCQ</subfield>
      <subfield code="d">OCLCF</subfield>
      <subfield code="d">CUS</subfield>
      <subfield code="d">OCLCO</subfield>
      <subfield code="d">OCLCQ</subfield>
    </datafield>
    <datafield tag="019" ind1=" " ind2=" ">
      <subfield code="a">46316961</subfield>
    </datafield>
    <datafield tag="022" ind1=" " ind2=" ">
      <subfield code="y">0304-341X</subfield>
    </datafield>
    <datafield tag="029" ind1="1" ind2=" ">
      <subfield code="a">NZ1</subfield>
      <subfield code="b">8691940</subfield>
    </datafield>
    <datafield tag="029" ind1="1" ind2=" ">
      <subfield code="a">OCLCS</subfield>
      <subfield code="b">13086</subfield>
    </datafield>
    <datafield tag="029" ind1="1" ind2=" ">
      <subfield code="a">OCLCS</subfield>
      <subfield code="b">OP-23862</subfield>
    </datafield>
    <datafield tag="035" ind1=" " ind2=" ">
      <subfield code="a">(OCoLC)48498937</subfield>
      <subfield code="z">(OCoLC)46316961</subfield>
    </datafield>
    <datafield tag="037" ind1=" " ind2=" ">
      <subfield code="b">OECD, 2, rue André Pascal, F-75775 Paris Cedex 16, France</subfield>
    </datafield>
    <datafield tag="050" ind1=" " ind2="4">
      <subfield code="a">K14</subfield>
    </datafield>
    <datafield tag="082" ind1="0" ind2="4">
      <subfield code="a">341.755</subfield>
    </datafield>
    <datafield tag="049" ind1=" " ind2=" ">
      <subfield code="a">MAIN</subfield>
    </datafield>
    <datafield tag="130" ind1="0" ind2=" ">
      <subfield code="a">Nuclear law bulletin (Online)</subfield>
    </datafield>
    <datafield tag="245" ind1="1" ind2="0">
      <subfield code="a">Nuclear law bulletin.</subfield>
    </datafield>
    <datafield tag="246" ind1="3" ind2="0">
      <subfield code="a">Nuclear law</subfield>
    </datafield>
    <datafield tag="260" ind1=" " ind2=" ">
      <subfield code="a">Paris :</subfield>
      <subfield code="b">Organisation for Economic Co-Operation and Development</subfield>
    </datafield>
    <datafield tag="310" ind1=" " ind2=" ">
      <subfield code="a">Semiannual</subfield>
    </datafield>
    <datafield tag="336" ind1=" " ind2=" ">
      <subfield code="a">text</subfield>
      <subfield code="b">txt</subfield>
      <subfield code="2">rdacontent</subfield>
    </datafield>
    <datafield tag="337" ind1=" " ind2=" ">
      <subfield code="a">computer</subfield>
      <subfield code="b">c</subfield>
      <subfield code="2">rdamedia</subfield>
    </datafield>
    <datafield tag="338" ind1=" " ind2=" ">
      <subfield code="a">online resource</subfield>
      <subfield code="b">cr</subfield>
      <subfield code="2">rdacarrier</subfield>
    </datafield>
    <datafield tag="362" ind1="1" ind2=" ">
      <subfield code="a">Print began in 1968.</subfield>
    </datafield>
    <datafield tag="525" ind1=" " ind2=" ">
      <subfield code="a">Supplements accompany some issues.</subfield>
    </datafield>
    <datafield tag="530" ind1=" " ind2=" ">
      <subfield code="a">Also issued in print.</subfield>
    </datafield>
    <datafield tag="538" ind1=" " ind2=" ">
      <subfield code="a">Mode of access: World Wide Web.</subfield>
    </datafield>
    <datafield tag="588" ind1="0" ind2=" ">
      <subfield code="a">61 (June 1998); title from journal information screen (viewed Nov. 27, 2001).</subfield>
    </datafield>
    <datafield tag="590" ind1=" " ind2=" ">
      <subfield code="b">alles</subfield>
    </datafield>
    <datafield tag="590" ind1=" " ind2=" ">
      <subfield code="a">OCLC</subfield>
      <subfield code="b">WorldCat Holdings</subfield>
    </datafield>
    <datafield tag="650" ind1=" " ind2="0">
      <subfield code="a">Nuclear energy</subfield>
      <subfield code="x">Law and legislation</subfield>
      <subfield code="v">Periodicals.</subfield>
    </datafield>
    <datafield tag="650" ind1=" " ind2="6">
      <subfield code="a">Énergie nucléaire</subfield>
      <subfield code="x">Droit</subfield>
      <subfield code="x">Législation</subfield>
      <subfield code="v">Périodiques.</subfield>
    </datafield>
    <datafield tag="650" ind1=" " ind2="6">
      <subfield code="a">Droit nucléaire</subfield>
      <subfield code="x">Législation.</subfield>
    </datafield>
    <datafield tag="650" ind1=" " ind2="7">
      <subfield code="a">Nuclear energy</subfield>
      <subfield code="x">Law and legislation.</subfield>
      <subfield code="2">fast</subfield>
      <subfield code="0">(OCoLC)fst01039981</subfield>
    </datafield>
    <datafield tag="650" ind1=" " ind2="7">
      <subfield code="a">Droit international.</subfield>
      <subfield code="2">rasuqam</subfield>
    </datafield>
    <datafield tag="650" ind1="1" ind2="7">
      <subfield code="a">Droit nucléaire.</subfield>
      <subfield code="2">rasuqam</subfield>
    </datafield>
    <datafield tag="650" ind1=" " ind2="7">
      <subfield code="a">Énergie nucléaire.</subfield>
      <subfield code="2">rasuqam</subfield>
    </datafield>
    <datafield tag="655" ind1=" " ind2="7">
      <subfield code="a">Periodicals.</subfield>
      <subfield code="2">fast</subfield>
      <subfield code="0">(OCoLC)fst01411641</subfield>
    </datafield>
    <datafield tag="655" ind1=" " ind2="7">
      <subfield code="a">Étude comparée (Descripteur de forme)</subfield>
      <subfield code="2">rasuqam</subfield>
    </datafield>
    <datafield tag="655" ind1=" " ind2="7">
      <subfield code="a">Périodique électronique (Descripteur de forme)</subfield>
      <subfield code="2">rasuqam</subfield>
    </datafield>
    <datafield tag="655" ind1=" " ind2="7">
      <subfield code="a">Ressource Internet (Descripteur de forme)</subfield>
      <subfield code="2">rasuqam</subfield>
    </datafield>
    <datafield tag="710" ind1="2" ind2=" ">
      <subfield code="a">Organisation for Economic Co-operation and Development.</subfield>
    </datafield>
    <datafield tag="776" ind1="0" ind2="8">
      <subfield code="i">Print version, -2013:</subfield>
      <subfield code="t">Nuclear law bulletin</subfield>
      <subfield code="x">0304-341X</subfield>
      <subfield code="w">(DLC)sf 80000610</subfield>
      <subfield code="w">(OCoLC)1717075</subfield>
    </datafield>
    <datafield tag="856" ind1="4" ind2="0">
      <subfield code="u">http://www.ingenta.com/journals/browse/oecd/0304341x?mode=direct</subfield>
    </datafield>
    <datafield tag="856" ind1="4" ind2=" ">
      <subfield code="u">http://firstsearch.oclc.org</subfield>
      <subfield code="z">Address for accessing the journal using authorization number and password through OCLC FirstSearch Electronic Collections Online</subfield>
    </datafield>
    <datafield tag="856" ind1="4" ind2=" ">
      <subfield code="u">http://firstsearch.oclc.org/journal=0304-341x;screen=info;ECOIP</subfield>
      <subfield code="z">Address for accessing the journal from an authorized IP address through OCLC FirstSearch Electronic Collections Online</subfield>
    </datafield>
    <datafield tag="994" ind1=" " ind2=" ">
      <subfield code="a">92</subfield>
      <subfield code="b">DEFHM</subfield>
    </datafield>
  </record>