
  <record xmlns="http://www.loc.gov/MARC21/slim">
    <leader>00000cam a2200000La 4500</leader>
    <controlfield tag="001">ocm49293189 </controlfield>
    <controlfield tag="003">OCoLC</controlfield>
    <controlfield tag="005">20160520044233.8</controlfield>
    <controlfield tag="006">m     o  d        </controlfield>
    <controlfield tag="007">cr cn|||||||||</controlfield>
    <controlfield tag="008">010502s199u    ilu     o     000 1 eng d</controlfield>
    <datafield tag="040" ind1=" " ind2=" ">
      <subfield code="a">N$T</subfield>
      <subfield code="b">eng</subfield>
      <subfield code="e">pn</subfield>
      <subfield code="c">N$T</subfield>
      <subfield code="d">OCLCQ</subfield>
      <subfield code="d">OCLCG</subfield>
      <subfield code="d">OCLCQ</subfield>
      <subfield code="d">AXJ</subfield>
      <subfield code="d">CEF</subfield>
      <subfield code="d">OCLCQ</subfield>
      <subfield code="d">TNF</subfield>
      <subfield code="d">OCLCQ</subfield>
      <subfield code="d">OCLCA</subfield>
      <subfield code="d">N$T</subfield>
      <subfield code="d">OCLCO</subfield>
      <subfield code="d">P4I</subfield>
      <subfield code="d">OCLCQ</subfield>
      <subfield code="d">OCLCO</subfield>
      <subfield code="d">UOK</subfield>
      <subfield code="d">OCLCF</subfield>
      <subfield code="d">EBV</subfield>
      <subfield code="d">OCLCQ</subfield>
    </datafield>
    <datafield tag="019" ind1=" " ind2=" ">
      <subfield code="a">32530910</subfield>
      <subfield code="a">51851423</subfield>
    </datafield>
    <datafield tag="020" ind1=" " ind2=" ">
      <subfield code="a">0585152306</subfield>
      <subfield code="q">(electronic bk.)</subfield>
    </datafield>
    <datafield tag="020" ind1=" " ind2=" ">
      <subfield code="a">9780585152301</subfield>
      <subfield code="q">(electronic bk.)</subfield>
    </datafield>
    <datafield tag="029" ind1="1" ind2=" ">
      <subfield code="a">AU@</subfield>
      <subfield code="b">000043010043</subfield>
    </datafield>
    <datafield tag="029" ind1="1" ind2=" ">
      <subfield code="a">NZ1</subfield>
      <subfield code="b">11912776</subfield>
    </datafield>
    <datafield tag="035" ind1=" " ind2=" ">
      <subfield code="a">(OCoLC)49293189</subfield>
      <subfield code="z">(OCoLC)32530910</subfield>
      <subfield code="z">(OCoLC)51851423</subfield>
    </datafield>
    <datafield tag="050" ind1=" " ind2="4">
      <subfield code="a">PT7269</subfield>
      <subfield code="b">.K7</subfield>
    </datafield>
    <datafield tag="072" ind1=" " ind2="7">
      <subfield code="a">FIC</subfield>
      <subfield code="x">000000</subfield>
      <subfield code="2">bisacsh</subfield>
    </datafield>
    <datafield tag="082" ind1="0" ind2="4">
      <subfield code="a">839/.61</subfield>
      <subfield code="2">21</subfield>
    </datafield>
    <datafield tag="049" ind1=" " ind2=" ">
      <subfield code="a">MAIN</subfield>
    </datafield>
    <datafield tag="130" ind1="0" ind2=" ">
      <subfield code="a">Kormáks saga.</subfield>
      <subfield code="l">English.</subfield>
    </datafield>
    <datafield tag="245" ind1="1" ind2="4">
      <subfield code="a">The life and death of Cormac the Skald :</subfield>
      <subfield code="b">anonymous Icelandic epic /</subfield>
      <subfield code="c">author unknown ; translation by W.G. Collingwood &amp; J. Stefansson (Ulverston, 1901).</subfield>
    </datafield>
    <datafield tag="246" ind1="3" ind2="0">
      <subfield code="a">Cormac the Skald</subfield>
    </datafield>
    <datafield tag="260" ind1=" " ind2=" ">
      <subfield code="a">Champaign, Ill. :</subfield>
      <subfield code="b">Project Gutenberg,</subfield>
      <subfield code="c">[199-?]</subfield>
    </datafield>
    <datafield tag="300" ind1=" " ind2=" ">
      <subfield code="a">1 online resource.</subfield>
    </datafield>
    <datafield tag="336" ind1=" " ind2=" ">
      <subfield code="a">text</subfield>
      <subfield code="b">txt</subfield>
      <subfield code="2">rdacontent</subfield>
    </datafield>
    <datafield tag="337" ind1=" " ind2=" ">
      <subfield code="a">computer</subfield>
      <subfield code="b">c</subfield>
      <subfield code="2">rdamedia</subfield>
    </datafield>
    <datafield tag="338" ind1=" " ind2=" ">
      <subfield code="a">online resource</subfield>
      <subfield code="b">cr</subfield>
      <subfield code="2">rdacarrier</subfield>
    </datafield>
    <datafield tag="490" ind1="0" ind2=" ">
      <subfield code="a">Project Gutenberg etext ;</subfield>
      <subfield code="v">no. 265</subfield>
    </datafield>
    <datafield tag="500" ind1=" " ind2=" ">
      <subfield code="a">"Originally written in Icelandic sometime between 1250 - 1300 A.D. although parts may be based on a now lost 12th century saga."</subfield>
    </datafield>
    <datafield tag="590" ind1=" " ind2=" ">
      <subfield code="b">alles</subfield>
    </datafield>
    <datafield tag="590" ind1=" " ind2=" ">
      <subfield code="a">OCLC</subfield>
      <subfield code="b">WorldCat Holdings</subfield>
    </datafield>
    <datafield tag="600" ind1="0" ind2="0">
      <subfield code="a">Kormákr Ögmundarson,</subfield>
      <subfield code="d">approximately 935-970</subfield>
      <subfield code="v">Romances.</subfield>
    </datafield>
    <datafield tag="650" ind1=" " ind2="0">
      <subfield code="a">Sagas</subfield>
      <subfield code="v">Translations into English.</subfield>
    </datafield>
    <datafield tag="650" ind1=" " ind2="0">
      <subfield code="a">Epic literature.</subfield>
    </datafield>
    <datafield tag="650" ind1=" " ind2="7">
      <subfield code="a">FICTION</subfield>
      <subfield code="x">General.</subfield>
      <subfield code="2">bisacsh</subfield>
    </datafield>
    <datafield tag="655" ind1=" " ind2="0">
      <subfield code="a">Epic literature.</subfield>
    </datafield>
    <datafield tag="655" ind1=" " ind2="4">
      <subfield code="a">Electronic books.</subfield>
    </datafield>
    <datafield tag="655" ind1=" " ind2="7">
      <subfield code="a">Epic literature.</subfield>
      <subfield code="2">lcgft</subfield>
    </datafield>
    <datafield tag="700" ind1="1" ind2=" ">
      <subfield code="a">Collingwood, W. G.</subfield>
      <subfield code="q">(William Gershom),</subfield>
      <subfield code="d">1854-1932.</subfield>
    </datafield>
    <datafield tag="700" ind1="0" ind2=" ">
      <subfield code="a">Jón Stefánsson,</subfield>
      <subfield code="d">1862-</subfield>
    </datafield>
    <datafield tag="856" ind1="1" ind2=" ">
      <subfield code="u">ftp://uiarchive.cso.uiuc.edu/pub/etext/gutenberg/etext95/cormc10.txt</subfield>
    </datafield>
    <datafield tag="856" ind1="1" ind2=" ">
      <subfield code="u">ftp://uiarchive.cso.uiuc.edu/pub/etext/gutenberg/etext95/cormc10.zip</subfield>
    </datafield>
    <datafield tag="856" ind1="4" ind2="0">
      <subfield code="3">EBSCOhost</subfield>
      <subfield code="u">http://search.ebscohost.com/login.aspx?direct=true&amp;scope=site&amp;db=nlebk&amp;db=nlabk&amp;AN=2009672</subfield>
    </datafield>
    <datafield tag="856" ind1="4" ind2="0">
      <subfield code="u">http://onlinebooks.library.upenn.edu/webbin/gutbook/lookup?num=265</subfield>
    </datafield>
    <datafield tag="938" ind1=" " ind2=" ">
      <subfield code="a">EBSCOhost</subfield>
      <subfield code="b">EBSC</subfield>
      <subfield code="n">2009672</subfield>
    </datafield>
    <datafield tag="994" ind1=" " ind2=" ">
      <subfield code="a">92</subfield>
      <subfield code="b">DEFHM</subfield>
    </datafield>
  </record>